@article{0143-0807-31-4-019,
  author={Tatjana Misic and Marina Najdanovic-Lukic and Ljubisa Nesic},
  title={Dimensional analysis in physics and the Buckingham theorem},
  journal={European Journal of Physics},
  volume={31},
  number={4},
  pages={893},
  url={http://stacks.iop.org/0143-0807/31/i=4/a=019},
  year={2010}
}
@article{jensen2013introducing,
  title={Introducing fluid dynamics using dimensional analysis},
  author={Jensen, Jens H{\o}jgaard},
  journal={American Journal of Physics},
  volume={81},
  number={9},
  pages={688--694},
  year={2013},
  publisher={American Association of Physics Teachers}
}