@article{Beratlis2012Numerical,
	author = {Beratlis, Nikolaos and Squires, Kyle and Balaras, Elias},
	booktitle = {Journal of Turbulence},
	issn = {1468-5248},
	journal = {Journal of Turbulence},
	month = 1,
	number = {June 2014},
	pages = {N15},
	title = {Numerical investigation of Magnus effect on dimpled spheres},
	url = {http://www.tandfonline.com/doi/abs/10.1080/14685248.2012.676182},
	urldate = {24/07/14},
	volume = 13,
	year = 2012
}

@article{Jensen2014Comment,
	author = {Jensen, JH},
	booktitle = {Physica Scripta},
	issn = {0031-8949},
	journal = {Physica Scripta},
	keywords = {dimensional analysis,drag force,lift force,motion of rotating spheres},
	month = 6,
	number = 6,
	pages = 067001,
	publisher = {IOP Publishing},
	title = {Comment on 'The motion of an arbitrarily rotating spherical projectile and its application to ball games'},
	url = {http://iopscience.iop.org/1402-4896/89/6/067001},
	urldate = {10/08/14},
	volume = 89,
	year = 2014
}

@article{Robinson2014Reply,
	author = {Robinson, G and Robinson, Ian},
	booktitle = {Physica Scripta},
	issn = {0031-8949},
	journal = {Physica Scripta},
	keywords = {ball games,dimensional analysis,drag force,lift force,motion of rotating spheres},
	month = 6,
	number = 6,
	pages = 067002,
	publisher = {IOP Publishing},
	title = {Reply to Comment on 'The motion of an arbitrarily rotating spherical projectile and its application to ball games'},
	url = {http://iopscience.iop.org/1402-4896/89/6/067002},
	urldate = {10/08/14},
	volume = 89,
	year = 2014
}

@book{Anderson1985Fundamentals,
	author = {Anderson, John David},
	publisher = {McGraw-Hill},
	title = {Fundamentals of aerodynamics},
	year = 1985
}

@article{Assis2010Analytical,
	author = {Assis, Armando V. D. B. and Tragtenberg, M. H. R. and Branco, N. S.},
	month = 9,
	number = 7,
	pages = {1-4},
	title = {Analytical calculation of the drag force near drag crisis of a falling sphere},
	url = {http://arxiv.org/abs/1009.1536},
	urldate = {10/08/14},
	year = 2010
}
